%YAML 1.1
%TAG !u! tag:unity3d.com,2011:
--- !u!1 &870646612121849956
GameObject:
  m_ObjectHideFlags: 0
  m_CorrespondingSourceObject: {fileID: 0}
  m_PrefabInstance: {fileID: 0}
  m_PrefabAsset: {fileID: 0}
  serializedVersion: 6
  m_Component:
  - component: {fileID: 7310115403525824686}
  - component: {fileID: 3690441431947369055}
  - component: {fileID: 567630547377074555}
  - component: {fileID: 4578414146200876900}
  - component: {fileID: 1155360946000283707}
  - component: {fileID: 4942568025786863247}
  - component: {fileID: 7688328642578122327}
  - component: {fileID: 72289474627189501}
  m_Layer: 10
  m_Name: Door Model
  m_TagString: Untagged
  m_Icon: {fileID: 0}
  m_NavMeshLayer: 0
  m_StaticEditorFlags: 0
  m_IsActive: 1
--- !u!4 &7310115403525824686
Transform:
  m_ObjectHideFlags: 0
  m_CorrespondingSourceObject: {fileID: 0}
  m_PrefabInstance: {fileID: 0}
  m_PrefabAsset: {fileID: 0}
  m_GameObject: {fileID: 870646612121849956}
  m_LocalRotation: {x: 0.0026718592, y: 0.70710176, z: 0.0005121548, w: 0.70710665}
  m_LocalPosition: {x: -0, y: -0.2, z: 1.66}
  m_LocalScale: {x: 1, y: 1, z: 1}
  m_Children:
  - {fileID: 5455825237043566460}
  m_Father: {fileID: 6477460611422926572}
  m_RootOrder: 0
  m_LocalEulerAnglesHint: {x: 0, y: 90, z: 0}
--- !u!114 &3690441431947369055
MonoBehaviour:
  m_ObjectHideFlags: 0
  m_CorrespondingSourceObject: {fileID: 0}
  m_PrefabInstance: {fileID: 0}
  m_PrefabAsset: {fileID: 0}
  m_GameObject: {fileID: 870646612121849956}
  m_Enabled: 1
  m_EditorHideFlags: 0
  m_Script: {fileID: 11500000, guid: 8233d90336aea43098adf6dbabd606a2, type: 3}
  m_Name: 
  m_EditorClassIdentifier: 
  m_MeshFormatVersion: 2
  m_Faces:
  - m_Indexes: 000000000100000002000000010000000300000002000000
    m_SmoothingGroup: 0
    m_Uv:
      m_UseWorldSpace: 0
      m_FlipU: 0
      m_FlipV: 0
      m_SwapUV: 0
      m_Fill: 1
      m_Scale: {x: 1, y: 1}
      m_Offset: {x: 0, y: 0}
      m_Rotation: 0
      m_Anchor: 9
    m_Material: {fileID: 0}
    m_SubmeshIndex: 0
    m_ManualUV: 0
    elementGroup: -1
    m_TextureGroup: -1
  - m_Indexes: 040000000500000006000000050000000700000006000000
    m_SmoothingGroup: 0
    m_Uv:
      m_UseWorldSpace: 0
      m_FlipU: 0
      m_FlipV: 0
      m_SwapUV: 0
      m_Fill: 1
      m_Scale: {x: 1, y: 1}
      m_Offset: {x: 0, y: 0}
      m_Rotation: 0
      m_Anchor: 9
    m_Material: {fileID: 0}
    m_SubmeshIndex: 0
    m_ManualUV: 0
    elementGroup: -1
    m_TextureGroup: -1
  - m_Indexes: 08000000090000000a000000090000000b0000000a000000
    m_SmoothingGroup: 0
    m_Uv:
      m_UseWorldSpace: 0
      m_FlipU: 0
      m_FlipV: 0
      m_SwapUV: 0
      m_Fill: 1
      m_Scale: {x: 1, y: 1}
      m_Offset: {x: 0, y: 0}
      m_Rotation: 0
      m_Anchor: 9
    m_Material: {fileID: 0}
    m_SubmeshIndex: 0
    m_ManualUV: 0
    elementGroup: -1
    m_TextureGroup: -1
  - m_Indexes: 0c0000000d0000000e0000000d0000000f0000000e000000
    m_SmoothingGroup: 0
    m_Uv:
      m_UseWorldSpace: 0
      m_FlipU: 0
      m_FlipV: 0
      m_SwapUV: 0
      m_Fill: 1
      m_Scale: {x: 1, y: 1}
      m_Offset: {x: 0, y: 0}
      m_Rotation: 0
      m_Anchor: 9
    m_Material: {fileID: 0}
    m_SubmeshIndex: 0
    m_ManualUV: 0
    elementGroup: -1
    m_TextureGroup: -1
  - m_Indexes: 100000001100000012000000110000001300000012000000
    m_SmoothingGroup: 0
    m_Uv:
      m_UseWorldSpace: 0
      m_FlipU: 0
      m_FlipV: 0
      m_SwapUV: 0
      m_Fill: 1
      m_Scale: {x: 1, y: 1}
      m_Offset: {x: 0, y: 0}
      m_Rotation: 0
      m_Anchor: 9
    m_Material: {fileID: 0}
    m_SubmeshIndex: 0
    m_ManualUV: 0
    elementGroup: -1
    m_TextureGroup: -1
  - m_Indexes: 140000001500000016000000150000001700000016000000
    m_SmoothingGroup: 0
    m_Uv:
      m_UseWorldSpace: 0
      m_FlipU: 0
      m_FlipV: 0
      m_SwapUV: 0
      m_Fill: 1
      m_Scale: {x: 1, y: 1}
      m_Offset: {x: 0, y: 0}
      m_Rotation: 0
      m_Anchor: 9
    m_Material: {fileID: 0}
    m_SubmeshIndex: 0
    m_ManualUV: 0
    elementGroup: -1
    m_TextureGroup: -1
  m_SharedVertices:
  - m_Vertices: 000000000d00000016000000
  - m_Vertices: 010000000400000017000000
  - m_Vertices: 020000000f00000010000000
  - m_Vertices: 030000000600000011000000
  - m_Vertices: 050000000800000015000000
  - m_Vertices: 070000000a00000013000000
  - m_Vertices: 090000000c00000014000000
  - m_Vertices: 0b0000000e00000012000000
  m_SharedTextures: []
  m_Positions:
  - {x: -1.6335245, y: -3.1261618, z: 0.17634952}
  - {x: 1.6335391, y: -3.126161, z: 0.17631614}
  - {x: -1.6335181, y: 3.1261582, z: 0.17634284}
  - {x: 1.6335403, y: 3.126162, z: 0.17632091}
  - {x: 1.6335391, y: -3.126161, z: 0.17631614}
  - {x: 1.633544, y: -3.1261628, z: -0.17635834}
  - {x: 1.6335403, y: 3.126162, z: 0.17632091}
  - {x: 1.633538, y: 3.1261613, z: -0.17635918}
  - {x: 1.633544, y: -3.1261628, z: -0.17635834}
  - {x: -1.6335293, y: -3.1261632, z: -0.1763326}
  - {x: 1.633538, y: 3.1261613, z: -0.17635918}
  - {x: -1.6335181, y: 3.1261575, z: -0.17633545}
  - {x: -1.6335293, y: -3.1261632, z: -0.1763326}
  - {x: -1.6335245, y: -3.1261618, z: 0.17634952}
  - {x: -1.6335181, y: 3.1261575, z: -0.17633545}
  - {x: -1.6335181, y: 3.1261582, z: 0.17634284}
  - {x: -1.6335181, y: 3.1261582, z: 0.17634284}
  - {x: 1.6335403, y: 3.126162, z: 0.17632091}
  - {x: -1.6335181, y: 3.1261575, z: -0.17633545}
  - {x: 1.633538, y: 3.1261613, z: -0.17635918}
  - {x: -1.6335293, y: -3.1261632, z: -0.1763326}
  - {x: 1.633544, y: -3.1261628, z: -0.17635834}
  - {x: -1.6335245, y: -3.1261618, z: 0.17634952}
  - {x: 1.6335391, y: -3.126161, z: 0.17631614}
  m_Textures0:
  - {x: 1.6335263, y: -3.126162}
  - {x: -1.6335373, y: -3.1261613}
  - {x: 1.6335199, y: 3.126158}
  - {x: -1.6335385, y: 3.1261618}
  - {x: 0.1762935, y: -3.1261609}
  - {x: -0.17638098, y: -3.1261625}
  - {x: 0.17629828, y: 3.1261623}
  - {x: -0.17638181, y: 3.1261616}
  - {x: 1.6335454, y: -3.1261628}
  - {x: -1.6335279, y: -3.1261632}
  - {x: 1.6335394, y: 3.1261613}
  - {x: -1.6335167, y: 3.1261575}
  - {x: 0.17635468, y: -3.126166}
  - {x: -0.17632744, y: -3.1261647}
  - {x: 0.17635754, y: 3.1261547}
  - {x: -0.17632076, y: 3.1261554}
  - {x: -1.6335144, y: 0.17634918}
  - {x: 1.633544, y: 0.17632724}
  - {x: -1.6335144, y: -0.17632912}
  - {x: 1.6335417, y: -0.17635284}
  - {x: 1.6335298, y: -0.17634527}
  - {x: -1.6335435, y: -0.17637102}
  - {x: 1.633525, y: 0.17633684}
  - {x: -1.6335386, y: 0.17630346}
  m_Textures2: []
  m_Textures3: []
  m_Tangents:
  - {x: -1, y: 0, z: 0.000010216698, w: -1}
  - {x: -1, y: 0, z: 0.000008465269, w: -1}
  - {x: -1, y: 0, z: 0.000008465269, w: -1}
  - {x: -1, y: 0, z: 0.0000067138417, w: -1}
  - {x: -0.00001385862, y: 3.4683502e-19, z: 1, w: -1}
  - {x: -0.0000037182167, y: -3.4681052e-19, z: 1, w: -1}
  - {x: -0.0000037182167, y: -3.4681052e-19, z: 1, w: -1}
  - {x: 0.0000064221867, y: 0, z: 1, w: -1}
  - {x: 1, y: 1.2139235e-19, z: -0.000007881429, w: -1}
  - {x: 1, y: 1.343899e-19, z: -0.000007571299, w: -1}
  - {x: 1, y: 1.343899e-19, z: -0.000007571299, w: -1}
  - {x: 1, y: 0, z: -0.0000072611692, w: -1}
  - {x: -0.000013520303, y: -1.6300405e-18, z: -1, w: -1}
  - {x: -0.00000676015, y: -6.416109e-19, z: -1, w: -1}
  - {x: -0.00000676015, y: -6.416109e-19, z: -1, w: -1}
  - {x: 2.7840948e-12, y: -2.232559e-25, z: -1, w: -1}
  - {x: 1, y: 0.0000011676381, z: 0, w: -1}
  - {x: 1, y: 0.0000011676391, z: 0, w: -1}
  - {x: 1, y: 0.0000011676391, z: 0, w: -1}
  - {x: 1, y: 0.00000116764, z: 0, w: -1}
  - {x: -1, y: -0.00000014598437, z: 5.764052e-20, w: -1}
  - {x: -1, y: -0.00000018248099, z: 6.2444666e-20, w: -1}
  - {x: -1, y: -0.00000018248099, z: 6.2444666e-20, w: -1}
  - {x: -1, y: -0.0000002189776, z: 6.724881e-20, w: -1}
  m_Colors: []
  m_UnwrapParameters:
    m_HardAngle: 88
    m_PackMargin: 20
    m_AngleError: 8
    m_AreaError: 15
  m_PreserveMeshAssetOnDestroy: 0
  assetGuid: 
  m_Mesh: {fileID: 0}
  m_VersionIndex: 3799
  m_IsSelectable: 1
  m_SelectedFaces: 
  m_SelectedEdges: []
  m_SelectedVertices: 
--- !u!114 &567630547377074555
MonoBehaviour:
  m_ObjectHideFlags: 0
  m_CorrespondingSourceObject: {fileID: 0}
  m_PrefabInstance: {fileID: 0}
  m_PrefabAsset: {fileID: 0}
  m_GameObject: {fileID: 870646612121849956}
  m_Enabled: 1
  m_EditorHideFlags: 0
  m_Script: {fileID: 11500000, guid: 1ca002da428252441b92f28d83c8a65f, type: 3}
  m_Name: 
  m_EditorClassIdentifier: 
  m_Shape:
    id: 0
  m_Size: {x: -0.19107962, y: 1.3525394, z: 1.4411314}
  m_Rotation: {x: 0, y: 0, z: 0, w: 1}
  m_PivotLocation: 1
  m_PivotPosition: {x: 0, y: 0, z: 0}
  m_UnmodifiedMeshVersion: 2282
  m_ShapeBox:
    m_Center: {x: -0.09553909, y: 0.67626953, z: 0.7205657}
    m_Extent: {x: 0.09553981, y: 0.67626977, z: 0.7205657}
  references:
    version: 1
    00000000:
      type: {class: Cube, ns: UnityEngine.ProBuilder.Shapes, asm: Unity.ProBuilder}
--- !u!23 &4578414146200876900
MeshRenderer:
  m_ObjectHideFlags: 0
  m_CorrespondingSourceObject: {fileID: 0}
  m_PrefabInstance: {fileID: 0}
  m_PrefabAsset: {fileID: 0}
  m_GameObject: {fileID: 870646612121849956}
  m_Enabled: 1
  m_CastShadows: 1
  m_ReceiveShadows: 1
  m_DynamicOccludee: 1
  m_StaticShadowCaster: 0
  m_MotionVectors: 1
  m_LightProbeUsage: 1
  m_ReflectionProbeUsage: 1
  m_RayTracingMode: 2
  m_RayTraceProcedural: 0
  m_RenderingLayerMask: 257
  m_RendererPriority: 0
  m_Materials:
  - {fileID: 2100000, guid: a596f4dd782f58e428c67c2d61d3f85b, type: 2}
  m_StaticBatchInfo:
    firstSubMesh: 0
    subMeshCount: 0
  m_StaticBatchRoot: {fileID: 0}
  m_ProbeAnchor: {fileID: 0}
  m_LightProbeVolumeOverride: {fileID: 0}
  m_ScaleInLightmap: 1
  m_ReceiveGI: 1
  m_PreserveUVs: 0
  m_IgnoreNormalsForChartDetection: 0
  m_ImportantGI: 0
  m_StitchLightmapSeams: 1
  m_SelectedEditorRenderState: 2
  m_MinimumChartSize: 4
  m_AutoUVMaxDistance: 0.5
  m_AutoUVMaxAngle: 89
  m_LightmapParameters: {fileID: 0}
  m_SortingLayerID: 0
  m_SortingLayer: 0
  m_SortingOrder: 0
  m_AdditionalVertexStreams: {fileID: 0}
--- !u!33 &1155360946000283707
MeshFilter:
  m_ObjectHideFlags: 0
  m_CorrespondingSourceObject: {fileID: 0}
  m_PrefabInstance: {fileID: 0}
  m_PrefabAsset: {fileID: 0}
  m_GameObject: {fileID: 870646612121849956}
  m_Mesh: {fileID: 0}
--- !u!64 &4942568025786863247
MeshCollider:
  m_ObjectHideFlags: 0
  m_CorrespondingSourceObject: {fileID: 0}
  m_PrefabInstance: {fileID: 0}
  m_PrefabAsset: {fileID: 0}
  m_GameObject: {fileID: 870646612121849956}
  m_Material: {fileID: 0}
  m_IsTrigger: 0
  m_Enabled: 1
  serializedVersion: 4
  m_Convex: 0
  m_CookingOptions: 30
  m_Mesh: {fileID: 0}
--- !u!114 &7688328642578122327
MonoBehaviour:
  m_ObjectHideFlags: 0
  m_CorrespondingSourceObject: {fileID: 0}
  m_PrefabInstance: {fileID: 0}
  m_PrefabAsset: {fileID: 0}
  m_GameObject: {fileID: 870646612121849956}
  m_Enabled: 1
  m_EditorHideFlags: 0
  m_Script: {fileID: 11500000, guid: c7e0f104b9a1b1d40a5999b62c56afa8, type: 3}
  m_Name: 
  m_EditorClassIdentifier: 
  categoryTemplate: {fileID: 11400000, guid: 825f38e0a08545d4a8564fc77a00a34f, type: 2}
  objectTemplate: {fileID: 11400000, guid: ff736364d517f1c4e8c0cbbbf8ef58cb, type: 2}
  handPosition: {x: 0, y: 0, z: 0}
  handRotation: {x: 0, y: 0, z: 0}
--- !u!95 &72289474627189501
Animator:
  serializedVersion: 3
  m_ObjectHideFlags: 0
  m_CorrespondingSourceObject: {fileID: 0}
  m_PrefabInstance: {fileID: 0}
  m_PrefabAsset: {fileID: 0}
  m_GameObject: {fileID: 870646612121849956}
  m_Enabled: 1
  m_Avatar: {fileID: 0}
  m_Controller: {fileID: 9100000, guid: ee1f120d6c551e14b80e0d87ca29ceba, type: 2}
  m_CullingMode: 1
  m_UpdateMode: 1
  m_ApplyRootMotion: 0
  m_LinearVelocityBlending: 0
  m_WarningMessage: 
  m_HasTransformHierarchy: 1
  m_AllowConstantClipSamplingOptimization: 1
  m_KeepAnimatorControllerStateOnDisable: 0
--- !u!1 &1233382587844952231
GameObject:
  m_ObjectHideFlags: 0
  m_CorrespondingSourceObject: {fileID: 0}
  m_PrefabInstance: {fileID: 0}
  m_PrefabAsset: {fileID: 0}
  serializedVersion: 6
  m_Component:
  - component: {fileID: 5455825237043566460}
  - component: {fileID: 7323623140225559514}
  - component: {fileID: 7012733077774019829}
  - component: {fileID: 3849259484628945687}
  - component: {fileID: 1576984082691864934}
  - component: {fileID: 7982441077208688929}
  m_Layer: 10
  m_Name: Door Knob IN
  m_TagString: Untagged
  m_Icon: {fileID: 0}
  m_NavMeshLayer: 0
  m_StaticEditorFlags: 0
  m_IsActive: 1
--- !u!4 &5455825237043566460
Transform:
  m_ObjectHideFlags: 0
  m_CorrespondingSourceObject: {fileID: 0}
  m_PrefabInstance: {fileID: 0}
  m_PrefabAsset: {fileID: 0}
  m_GameObject: {fileID: 1233382587844952231}
  m_LocalRotation: {x: 4.6566123e-10, y: -0.7071068, z: 2.7282263e-10, w: 0.7071068}
  m_LocalPosition: {x: -0.61, y: -0.81, z: 0.31}
  m_LocalScale: {x: 0.66818887, y: 2.0531676, z: 2.954565}
  m_Children: []
  m_Father: {fileID: 7310115403525824686}
  m_RootOrder: 0
  m_LocalEulerAnglesHint: {x: 0, y: 0, z: 0}
--- !u!114 &7323623140225559514
MonoBehaviour:
  m_ObjectHideFlags: 0
  m_CorrespondingSourceObject: {fileID: 0}
  m_PrefabInstance: {fileID: 0}
  m_PrefabAsset: {fileID: 0}
  m_GameObject: {fileID: 1233382587844952231}
  m_Enabled: 1
  m_EditorHideFlags: 0
  m_Script: {fileID: 11500000, guid: 8233d90336aea43098adf6dbabd606a2, type: 3}
  m_Name: 
  m_EditorClassIdentifier: 
  m_MeshFormatVersion: 2
  m_Faces:
  - m_Indexes: 000000000100000002000000010000000300000002000000
    m_SmoothingGroup: 0
    m_Uv:
      m_UseWorldSpace: 0
      m_FlipU: 0
      m_FlipV: 0
      m_SwapUV: 0
      m_Fill: 1
      m_Scale: {x: 1, y: 1}
      m_Offset: {x: 0, y: 0}
      m_Rotation: 0
      m_Anchor: 9
    m_Material: {fileID: 0}
    m_SubmeshIndex: 0
    m_ManualUV: 0
    elementGroup: -1
    m_TextureGroup: -1
  - m_Indexes: 040000000500000006000000050000000700000006000000
    m_SmoothingGroup: 0
    m_Uv:
      m_UseWorldSpace: 0
      m_FlipU: 0
      m_FlipV: 0
      m_SwapUV: 0
      m_Fill: 1
      m_Scale: {x: 1, y: 1}
      m_Offset: {x: 0, y: 0}
      m_Rotation: 0
      m_Anchor: 9
    m_Material: {fileID: 0}
    m_SubmeshIndex: 0
    m_ManualUV: 0
    elementGroup: -1
    m_TextureGroup: -1
  - m_Indexes: 08000000090000000a000000090000000b0000000a000000
    m_SmoothingGroup: 0
    m_Uv:
      m_UseWorldSpace: 0
      m_FlipU: 0
      m_FlipV: 0
      m_SwapUV: 0
      m_Fill: 1
      m_Scale: {x: 1, y: 1}
      m_Offset: {x: 0, y: 0}
      m_Rotation: 0
      m_Anchor: 9
    m_Material: {fileID: 0}
    m_SubmeshIndex: 0
    m_ManualUV: 0
    elementGroup: -1
    m_TextureGroup: -1
  - m_Indexes: 0c0000000d0000000e0000000d0000000f0000000e000000
    m_SmoothingGroup: 0
    m_Uv:
      m_UseWorldSpace: 0
      m_FlipU: 0
      m_FlipV: 0
      m_SwapUV: 0
      m_Fill: 1
      m_Scale: {x: 1, y: 1}
      m_Offset: {x: 0, y: 0}
      m_Rotation: 0
      m_Anchor: 9
    m_Material: {fileID: 0}
    m_SubmeshIndex: 0
    m_ManualUV: 0
    elementGroup: -1
    m_TextureGroup: -1
  - m_Indexes: 100000001100000012000000110000001300000012000000
    m_SmoothingGroup: 0
    m_Uv:
      m_UseWorldSpace: 0
      m_FlipU: 0
      m_FlipV: 0
      m_SwapUV: 0
      m_Fill: 1
      m_Scale: {x: 1, y: 1}
      m_Offset: {x: 0, y: 0}
      m_Rotation: 0
      m_Anchor: 9
    m_Material: {fileID: 0}
    m_SubmeshIndex: 0
    m_ManualUV: 0
    elementGroup: -1
    m_TextureGroup: -1
  - m_Indexes: 140000001500000016000000150000001700000016000000
    m_SmoothingGroup: 0
    m_Uv:
      m_UseWorldSpace: 0
      m_FlipU: 0
      m_FlipV: 0
      m_SwapUV: 0
      m_Fill: 1
      m_Scale: {x: 1, y: 1}
      m_Offset: {x: 0, y: 0}
      m_Rotation: 0
      m_Anchor: 9
    m_Material: {fileID: 0}
    m_SubmeshIndex: 0
    m_ManualUV: 0
    elementGroup: -1
    m_TextureGroup: -1
  m_SharedVertices:
  - m_Vertices: 000000000d00000016000000
  - m_Vertices: 010000000400000017000000
  - m_Vertices: 020000000f00000010000000
  - m_Vertices: 030000000600000011000000
  - m_Vertices: 050000000800000015000000
  - m_Vertices: 070000000a00000013000000
  - m_Vertices: 090000000c00000014000000
  - m_Vertices: 0b0000000e00000012000000
  m_SharedTextures: []
  m_Positions:
  - {x: -1.0079231, y: 0.000000032119225, z: 0.21582969}
  - {x: -0.0000019073486, y: 0, z: 0.21582794}
  - {x: -1.0079231, y: 0.1755739, z: 0.21582969}
  - {x: -0.0000019073486, y: 0.17557395, z: 0.21582794}
  - {x: -0.0000019073486, y: 0, z: 0.21582794}
  - {x: -0.0000019073486, y: 0, z: 0}
  - {x: -0.0000019073486, y: 0.17557395, z: 0.21582794}
  - {x: -0.0000019073486, y: 0.17557395, z: 0}
  - {x: -0.0000019073486, y: 0, z: 0}
  - {x: -1.007923, y: 0.000000031712794, z: 0.0000016859966}
  - {x: -0.0000019073486, y: 0.17557395, z: 0}
  - {x: -1.007923, y: 0.1755739, z: 0.0000016859318}
  - {x: -1.007923, y: 0.000000031712794, z: 0.0000016859966}
  - {x: -1.0079231, y: 0.000000032119225, z: 0.21582969}
  - {x: -1.007923, y: 0.1755739, z: 0.0000016859318}
  - {x: -1.0079231, y: 0.1755739, z: 0.21582969}
  - {x: -1.0079231, y: 0.1755739, z: 0.21582969}
  - {x: -0.0000019073486, y: 0.17557395, z: 0.21582794}
  - {x: -1.007923, y: 0.1755739, z: 0.0000016859318}
  - {x: -0.0000019073486, y: 0.17557395, z: 0}
  - {x: -1.007923, y: 0.000000031712794, z: 0.0000016859966}
  - {x: -0.0000019073486, y: 0, z: 0}
  - {x: -1.0079231, y: 0.000000032119225, z: 0.21582969}
  - {x: -0.0000019073486, y: 0, z: 0.21582794}
  m_Textures0:
  - {x: 1.0079235, y: 0.000000032119225}
  - {x: 0.0000022806737, y: 0}
  - {x: 1.0079235, y: 0.1755739}
  - {x: 0.0000022806737, y: 0.17557395}
  - {x: 0.21582794, y: 0}
  - {x: 0, y: 0}
  - {x: 0.21582794, y: 0.17557395}
  - {x: 0, y: 0.17557395}
  - {x: -0.0000019073486, y: 0}
  - {x: -1.007923, y: 0.000000031712794}
  - {x: -0.0000019073486, y: 0.17557395}
  - {x: -1.007923, y: 0.1755739}
  - {x: -0.0000022427075, y: 0.000000031712794}
  - {x: -0.21583024, y: 0.000000032119225}
  - {x: -0.0000022426427, y: 0.1755739}
  - {x: -0.21583024, y: 0.1755739}
  - {x: -1.0079231, y: 0.21582969}
  - {x: -0.0000018995615, y: 0.21582794}
  - {x: -1.007923, y: 0.0000016859318}
  - {x: -0.0000018995615, y: 4.3010766e-15}
  - {x: 1.007923, y: 0.0000016859966}
  - {x: 0.0000019073486, y: -1.1300884e-22}
  - {x: 1.0079231, y: 0.21582969}
  - {x: 0.0000019073486, y: 0.21582794}
  m_Textures2: []
  m_Textures3: []
  m_Tangents:
  - {x: -1, y: 0, z: 0.0000017297343, w: -1}
  - {x: -1, y: 0, z: 0.0000017297343, w: -1}
  - {x: -1, y: 0, z: 0.0000017297343, w: -1}
  - {x: -1, y: 0, z: 0.0000017297343, w: -1}
  - {x: 0, y: 0, z: 1, w: -1}
  - {x: 0, y: 0, z: 1, w: -1}
  - {x: 0, y: 0, z: 1, w: -1}
  - {x: 0, y: 0, z: 1, w: -1}
  - {x: 1, y: 0, z: -0.0000016727466, w: -1}
  - {x: 1, y: 0, z: -0.0000016727145, w: -1}
  - {x: 1, y: 0, z: -0.0000016727145, w: -1}
  - {x: 1, y: 0, z: -0.0000016726823, w: -1}
  - {x: 0.00000055233465, y: -1.1587978e-29, z: -1, w: -1}
  - {x: 0.00000055233465, y: -5.793989e-30, z: -1, w: -1}
  - {x: 0.00000055233465, y: -5.793989e-30, z: -1, w: -1}
  - {x: 0.00000055233465, y: 0, z: -1, w: -1}
  - {x: 1, y: 0.00000004435216, z: 8.7031667e-29, w: -1}
  - {x: 1, y: 0.000000044352163, z: 0, w: -1}
  - {x: 1, y: 0.000000044352163, z: 0, w: -1}
  - {x: 1, y: 0.000000044352166, z: 0, w: -1}
  - {x: -1, y: 0.000000031463564, z: 0, w: -1}
  - {x: -1, y: 0.00000003166518, z: 0, w: -1}
  - {x: -1, y: 0.00000003166518, z: 0, w: -1}
  - {x: -1, y: 0.0000000318668, z: 0, w: -1}
  m_Colors: []
  m_UnwrapParameters:
    m_HardAngle: 88
    m_PackMargin: 20
    m_AngleError: 8
    m_AreaError: 15
  m_PreserveMeshAssetOnDestroy: 0
  assetGuid: 
  m_Mesh: {fileID: 0}
  m_VersionIndex: 1179
  m_IsSelectable: 1
  m_SelectedFaces: 
  m_SelectedEdges: []
  m_SelectedVertices: 
--- !u!114 &7012733077774019829
MonoBehaviour:
  m_ObjectHideFlags: 0
  m_CorrespondingSourceObject: {fileID: 0}
  m_PrefabInstance: {fileID: 0}
  m_PrefabAsset: {fileID: 0}
  m_GameObject: {fileID: 1233382587844952231}
  m_Enabled: 1
  m_EditorHideFlags: 0
  m_Script: {fileID: 11500000, guid: 1ca002da428252441b92f28d83c8a65f, type: 3}
  m_Name: 
  m_EditorClassIdentifier: 
  m_Shape:
    id: 0
  m_Size: {x: -0.25725174, y: 0.17557395, z: 0.21582794}
  m_Rotation: {x: 0, y: 0, z: 0, w: 1}
  m_PivotLocation: 1
  m_PivotPosition: {x: 0, y: 0, z: 0}
  m_UnmodifiedMeshVersion: 1052
  m_ShapeBox:
    m_Center: {x: -0.12862778, y: 0.08778697, z: 0.10791397}
    m_Extent: {x: 0.12862587, y: 0.08778697, z: 0.10791397}
  references:
    version: 1
    00000000:
      type: {class: Cube, ns: UnityEngine.ProBuilder.Shapes, asm: Unity.ProBuilder}
--- !u!23 &3849259484628945687
MeshRenderer:
  m_ObjectHideFlags: 0
  m_CorrespondingSourceObject: {fileID: 0}
  m_PrefabInstance: {fileID: 0}
  m_PrefabAsset: {fileID: 0}
  m_GameObject: {fileID: 1233382587844952231}
  m_Enabled: 1
  m_CastShadows: 1
  m_ReceiveShadows: 1
  m_DynamicOccludee: 1
  m_StaticShadowCaster: 0
  m_MotionVectors: 1
  m_LightProbeUsage: 1
  m_ReflectionProbeUsage: 1
  m_RayTracingMode: 2
  m_RayTraceProcedural: 0
  m_RenderingLayerMask: 257
  m_RendererPriority: 0
  m_Materials:
  - {fileID: 2100000, guid: 32d96e0b46de1184e838184cf2eb206b, type: 2}
  m_StaticBatchInfo:
    firstSubMesh: 0
    subMeshCount: 0
  m_StaticBatchRoot: {fileID: 0}
  m_ProbeAnchor: {fileID: 0}
  m_LightProbeVolumeOverride: {fileID: 0}
  m_ScaleInLightmap: 1
  m_ReceiveGI: 1
  m_PreserveUVs: 0
  m_IgnoreNormalsForChartDetection: 0
  m_ImportantGI: 0
  m_StitchLightmapSeams: 1
  m_SelectedEditorRenderState: 2
  m_MinimumChartSize: 4
  m_AutoUVMaxDistance: 0.5
  m_AutoUVMaxAngle: 89
  m_LightmapParameters: {fileID: 0}
  m_SortingLayerID: 0
  m_SortingLayer: 0
  m_SortingOrder: 0
  m_AdditionalVertexStreams: {fileID: 0}
--- !u!33 &1576984082691864934
MeshFilter:
  m_ObjectHideFlags: 0
  m_CorrespondingSourceObject: {fileID: 0}
  m_PrefabInstance: {fileID: 0}
  m_PrefabAsset: {fileID: 0}
  m_GameObject: {fileID: 1233382587844952231}
  m_Mesh: {fileID: 0}
--- !u!64 &7982441077208688929
MeshCollider:
  m_ObjectHideFlags: 0
  m_CorrespondingSourceObject: {fileID: 0}
  m_PrefabInstance: {fileID: 0}
  m_PrefabAsset: {fileID: 0}
  m_GameObject: {fileID: 1233382587844952231}
  m_Material: {fileID: 0}
  m_IsTrigger: 0
  m_Enabled: 0
  serializedVersion: 4
  m_Convex: 0
  m_CookingOptions: 30
  m_Mesh: {fileID: 0}
--- !u!1 &6050356602919498718
GameObject:
  m_ObjectHideFlags: 0
  m_CorrespondingSourceObject: {fileID: 0}
  m_PrefabInstance: {fileID: 0}
  m_PrefabAsset: {fileID: 0}
  serializedVersion: 6
  m_Component:
  - component: {fileID: 6477460611422926572}
  m_Layer: 0
  m_Name: Door IN.2
  m_TagString: Untagged
  m_Icon: {fileID: 0}
  m_NavMeshLayer: 0
  m_StaticEditorFlags: 0
  m_IsActive: 1
--- !u!4 &6477460611422926572
Transform:
  m_ObjectHideFlags: 0
  m_CorrespondingSourceObject: {fileID: 0}
  m_PrefabInstance: {fileID: 0}
  m_PrefabAsset: {fileID: 0}
  m_GameObject: {fileID: 6050356602919498718}
  m_LocalRotation: {x: -0, y: 0.9456725, z: -0, w: -0.32512087}
  m_LocalPosition: {x: -43.59, y: -16.228, z: 62.1}
  m_LocalScale: {x: 1, y: 1, z: 1}
  m_Children:
  - {fileID: 7310115403525824686}
  m_Father: {fileID: 0}
  m_RootOrder: 0
  m_LocalEulerAnglesHint: {x: 0, y: 217.946, z: 0}
